@article{Edelsbrunner2002,
author                    = {{Edelsbrunner} and {Letscher} and {Zomorodian}},
title                     = {Topological Persistence and Simplification},
journal                   = {Discrete {\&} Computational Geometry},
year                      = {2002},
month                     = {Nov},
day                       = {01},
volume                    = {28},
number                    = {4},
pages                     = {511-533},
issn                      = {1432-0444},
doi                       = {10.1007/s00454-002-2885-2},
url                       = {https://doi.org/10.1007/s00454-002-2885-2}
}

@article{Zomorodian2005,
author                    = {Zomorodian, Afra and Carlsson, Gunnar},
title                     = {Computing Persistent Homology},
journal                   = {Discrete {\&} Computational Geometry},
year                      = {2005},
month                     = {Feb},
day                       = {01},
volume                    = {33},
number                    = {2},
pages                     = {249-274},
doi                       = {10.1007/s00454-004-1146-y},
url                       = {https://doi.org/10.1007/s00454-004-1146-y}
}

@inproceedings{Carlsson2005,
author                    = {Carlsson, Gunnar and Gabrielsson, Rickard Br{\"u}el},
editor                    = {Baas, Nils A. and Carlsson, Gunnar E. and Quick, Gereon and Szymik, Markus and Thaule, Marius},
title                     = {Topological Approaches to Deep Learning},
booktitle                 = {Topological Data Analysis},
year                      = {2020},
publisher                 = {Springer International Publishing},
address                   = {Cham},
pages                     = {119--146},
isbn                      = {978-3-030-43408-3}
}

@incollection{Chazal2017,
title                     = {{High-Dimensional Topological Data Analysis}},
author                    = {Chazal, Fr{\'e}d{\'e}ric},
url                       = {https://hal.inria.fr/hal-01316989},
booktitle                 = {{3rd Handbook of Discrete and Computational Geometry}},
publisher                 = {{CRC Press}},
year                      = {2016},
keywords                  = {Topological Data Analysis},
pdf                       = {https://hal.inria.fr/hal-01316989/file/chap27-fin.pdf},
hal_id                    = {hal-01316989},
hal_version               = {v1}
}

@inproceedings{Maria2014,
author                    = {Maria, Cl{\'e}ment and Boissonnat, Jean-Daniel and Glisse, Marc and Yvinec, Mariette},
editor                    = {Hong, Hoon and Yap, Chee},
title                     = {The Gudhi Library: Simplicial Complexes and Persistent Homology},
booktitle                 = {Mathematical Software -- ICMS 2014},
year                      = {2014},
publisher                 = {Springer Berlin Heidelberg},
address                   = {Berlin, Heidelberg},
pages                     = {167--174},
isbn                      = {978-3-662-44199-2}
}

@article{Fasy2014a,
author                    = {Brittany Terese Fasy and                Jisu Kim and                Fabrizio Lecci and                Cl{\'{e}}ment Maria},
title                     = {Introduction to the {R} package {TDA}},
journal                   = {CoRR},
volume                    = {abs/1411.1830},
year                      = {2014},
url                       = {http://arxiv.org/abs/1411.1830},
eprinttype                = {arXiv},
eprint                    = {1411.1830},
timestamp                 = {Mon, 13 Aug 2018 16:48:59 +0200},
biburl                    = {https://dblp.org/rec/journals/corr/FasyKLM14.bib},
bibsource                 = {dblp computer science bibliography, https://dblp.org}
}

@article{Kramar2013,
title                     = {Persistence of force networks in compressed granular media},
author                    = {Kramar, M. and Goullet, A. and Kondic, L. and Mischaikow, K.},
journal                   = {Phys. Rev. E},
volume                    = {87},
issue                     = {4},
pages                     = {042207},
numpages                  = {8},
year                      = {2013},
month                     = {Apr},
publisher                 = {American Physical Society},
doi                       = {10.1103/PhysRevE.87.042207},
url                       = {https://link.aps.org/doi/10.1103/PhysRevE.87.042207}
}

@article{Nakamura2015,
doi                       = {10.1088/0957-4484/26/30/304001},
url                       = {https://doi.org/10.1088/0957-4484/26/30/304001},
year                      = {year},
month                     = {jul},
publisher                 = {{IOP} Publishing},
volume                    = {26},
number                    = {30},
pages                     = {304001},
author                    = {Takenobu Nakamura and Yasuaki Hiraoka and Akihiko Hirata and Emerson G Escolar and Yasumasa Nishiura},
title                     = {Persistent homology and many-body atomic structure for medium-range order in the glass},
journal                   = {Nanotechnology}
}

@article{Pike2020,
author                    = {Pike, Jeremy A and Khan, Abdullah O and Pallini, Chiara and Thomas, Steven G and Mund, Markus and Ries, Jonas and Poulter, Natalie S and Styles, Iain B},
title                     = {{Topological data analysis quantifies biological nano-structure from single molecule localization microscopy}},     journal                   = {Bioinformatics},
volume                    = {36},
number                    = {5},
pages                     = {1614-1621},
year                      = {2019},
month                     = {10},
issn                      = {1367-4803},
doi                       = {10.1093/bioinformatics/btz788},
url                       = {https://doi.org/10.1093/bioinformatics/btz788},
eprint                    = {https://academic.oup.com/bioinformatics/article-pdf/36/5/1614/32793849/btz788.pdf}
}

@inproceedings{Skraba2010,
author                    = {Skraba, Primoz and Ovsjanikov, Maks and Chazal, Frédéric and Guibas, Leonidas},
booktitle                 = {2010 IEEE Computer Society Conference on Computer Vision and Pattern Recognition - Workshops},
title                     = {Persistence-based segmentation of deformable shapes}, 
year                      = {2010},
volume                    = {},
number                    = {},
pages                     = {45-52},
doi                       = {10.1109/CVPRW.2010.5543285}
}

@article{Turner2014b,
author                     = {Turner, Katharine and Mukherjee, Sayan and Boyer, Doug M.},
title                      = {Persistent homology transform for modeling shapes and surfaces},
journal                    = {Information and Inference: A Journal of the IMA},
volume                     = {3},
number                     = {4},
pages                      = {310-344},
year                       = {2014},
month                      = {12},
issn                       = {2049-8764},
doi                        = {10.1093/imaiai/iau011},
url                        = {https://doi.org/10.1093/imaiai/iau011},
eprint                     = {https://academic.oup.com/imaiai/article-pdf/3/4/310/2152818/iau011.pdf},
}

@article{Qaiser2019,
title                     = {Fast and accurate tumor segmentation of histology images using persistent homology and deep convolutional features},
journal                   = {Medical Image Analysis},
volume                    = {55},
pages                     = {1-14},
year                      = {2019},
issn                      = {1361-8415},
doi                       = {https://doi.org/10.1016/j.media.2019.03.014},
url                       = {https://www.sciencedirect.com/science/article/pii/S1361841518302688},
author                    = {Talha Qaiser and Yee-Wah Tsang and Daiki Taniyama and Naoya Sakamoto and Kazuaki Nakane and David Epstein and Nasir Rajpoot},
keywords                  = {Tumor segmentation, Persistent homology, Deep learning, Histology image analysis, Computational pathology, Colorectal (colon) cancer}
}

@article{Rieck2020,
place                     = {Country unknown/Code not available},
title                     = {Uncovering the Topology of Time-Varying fMRI Data using Cubical Persistence},
year                      = {2020},
url                       = {https://par.nsf.gov/biblio/10204480},
journal                   = {Advances in neural information processing systems},
volume                    = {33},
author                    = {Rieck, B and Yates, T and Bock, C and Borgwardt, K and Wolf, G and Turk-Browne, N and Krishnaswamy, S}
}

@article{Khasawneh2016,
title                     = {Chatter detection in turning using persistent homology},
journal                   = {Mechanical Systems and Signal Processing},
volume                    = {70-71},
pages                     = {527-541},
year                      = {2016},
issn                      = {0888-3270},
doi                       = {https://doi.org/10.1016/j.ymssp.2015.09.046},
url                       = {https://www.sciencedirect.com/science/article/pii/S0888327015004598},
author                    = {Firas A. Khasawneh and Elizabeth Munch},
keywords                  = {Machining dynamics, Nonlinear delay differential equation, Stochastic delay equation, Topological data analysis, Persistent homology}
}

@inproceedings{Seversky2016,
author                    = {Seversky, Lee M. and Davis, Shelby and Berger, Matthew},
booktitle                 = {2016 IEEE Conference on Computer Vision and Pattern Recognition Workshops (CVPRW)},
title                     = {On Time-Series Topological Data Analysis: New Data and Opportunities},
year                      = {2016},
pages                     = {1014-1022},
doi                       = {10.1109/CVPRW.2016.131}
}

@article{Umeda2017,
title                     = {Time Series Classification via Topological Data Analysis},
author                    = {Yuhei Umeda},
journal                   = {Transactions of the Japanese Society for Artificial Intelligence},
volume                    = {32},
number                    = {3},
pages                     = {D-G72\_1-12},
year                      = {2017},
doi                       = {10.1527/tjsai.D-G72}
}

@inproceedings{Dindin2020,
author                    = {Dindin, Meryll and Umeda, Yuhei and Chazal, Frederic},
editor                    = {Goutte, Cyril and Zhu, Xiaodan},
title                     = {Topological Data Analysis for Arrhythmia Detection Through Modular Neural Networks},
booktitle                 = {Advances in Artificial Intelligence},
year                      = {2020},
publisher                 = {Springer International Publishing},
address                   = {Cham},
pages                     = {177--188}
}

@article{Yao2009,
author                    = {Yao,Yuan  and Sun,Jian  and Huang,Xuhui  and Bowman,Gregory R.  and Singh,Gurjeet  and Lesnick,Michael  and Guibas,Leonidas J.  and Pande,Vijay S.  and Carlsson,Gunnar },
title                     = {Topological methods for exploring low-density states in biomolecular folding pathways},
journal                   = {The Journal of Chemical Physics},
volume                    = {130},
number                    = {14},
pages                     = {144115},
year                      = {2009},
doi                       = {10.1063/1.3103496},
url                       = {https://doi.org/10.1063/1.3103496},
eprint                    = {https://doi.org/10.1063/1.3103496}
}

@inproceedings{Carriere2020,
author                    = {Carri{\`e}re, Mathieu and Rabad{\'a}n, Ra{\'u}l},
editor                    = {Baas, Nils A. and Carlsson, Gunnar E. and Quick, Gereon and Szymik, Markus and Thaule, Marius},
title                     = {Topological Data Analysis of Single-Cell Hi-C Contact Maps},
booktitle                 = {Topological Data Analysis},
year                      = {2020},
publisher                 = {Springer International Publishing},
address                   = {Cham},
pages                     = {147--162}
}

@article{Lee2017,
author                    = {Lee, Yongjin and Barthel, Senja D. and D{\l}otko, Pawe{\l} and Moosavi, S. Mohamad and Hess, Kathryn and Smit, Berend},
title                     = {Quantifying similarity of pore-geometry in nanoporous materials},
journal                   = {Nature Communications},
year                      = {2017},
month                     = {May},
day                       = {23},
volume                    = {8},
number                    = {1},
pages                     = {15396},
issn                      = {2041-1723},
doi                       = {10.1038/ncomms15396},
url                       = {https://doi.org/10.1038/ncomms15396}
}

@article{Smith2021,
title                     = {Topological data analysis: Concepts, computation, and applications in chemical engineering},
journal                   = {Computers \& Chemical Engineering},
volume                    = {146},
pages                     = {107202},
year                      = {2021},
issn                      = {0098-1354},
doi                       = {https://doi.org/10.1016/j.compchemeng.2020.107202},
url                       = {https://www.sciencedirect.com/science/article/pii/S009813542031245X},
author                    = {Alexander D. Smith and Pawel Dlotko and Victor M. Zavala},
keywords                  = {Data, Topology, Space, Time, Geometry, Engineering}
}

@inproceedings{Silva2007,
title                     = {Homological Sensor Networks},
author                    = {Vin de Silva and Robert Ghrist},
year                      = {2007}
}

@article{Li2019,
title                     = {Topological data analysis for aviation applications},
journal                   = {Transportation Research Part E: Logistics and Transportation Review},
volume                    = {128},
pages                     = {149-174},
year                      = {2019},
issn                      = {1366-5545},
doi                       = {https://doi.org/10.1016/j.tre.2019.05.017},
url                       = {https://www.sciencedirect.com/science/article/pii/S1366554518314558},
author                    = {Max Z. Li and Megan S. Ryerson and Hamsa Balakrishnan},
keywords                  = {Aviation data, Topological data analysis, Persistent homology, Airline networks}
}

@article{Wasserman2018,
author                    = {Wasserman, Larry},
title                     = {Topological Data Analysis},
journal                   = {Annual Review of Statistics and Its Application},
volume                    = {5},
number                    = {1},
pages                     = {501-532},
year                      = {2018},
doi                       = {10.1146/annurev-statistics-031017-100045},
url                       = {https://doi.org/10.1146/annurev-statistics-031017-100045},
eprint                    = {https://doi.org/10.1146/annurev-statistics-031017-100045}
}

@article{Sizemore2019,
author                    = {Sizemore, Ann E. and Phillips-Cremins, Jennifer E. and Ghrist, Robert and Bassett, Danielle S.},
title                     = {{The importance of the whole: Topological data analysis for the network neuroscientist}},
journal                   = {Network Neuroscience},
volume                    = {3},
number                    = {3},
pages                     = {656-673},
year                      = {2019},
month                     = {07},
issn                      = {2472-1751},
doi                       = {10.1162/netn_a_00073},
url                       = {https://doi.org/10.1162/netn\_a\_00073},
eprint                    = {https://direct.mit.edu/netn/article-pdf/3/3/656/1092395/netn\_a\_00073.pdf}
}

@article{Hensel2021,
author                    = {Hensel, Felix and Moor, Michael and Rieck, Bastian},
title                     = {A Survey of Topological Machine Learning Methods},
journal                   = {Frontiers in Artificial Intelligence},
volume                    = {4},
year                      = {2021},
url                       = {https://www.frontiersin.org/article/10.3389/frai.2021.681108},
doi                       = {10.3389/frai.2021.681108},
issn                      = {2624-8212}
}

@book{Boissonnat2018,
place                     = {Cambridge},
series                    = {Cambridge Texts in Applied Mathematics},
title                     = {Geometric and Topological Inference},
doi                       = {10.1017/9781108297806},
publisher                 = {Cambridge University Press},
author                    = {Boissonnat, Jean-Daniel and Chazal, Frédéric and Yvinec, Mariette},
year                      = {2018},
collection                = {Cambridge Texts in Applied Mathematics}
}

@inbook{Singh2007,
title                     = {8. Tensor Decomposition},
booktitle                 = {Matrix Methods in Data Mining and Pattern Recognition},
year                      = {2007},
chapter                   = {},
pages                     = {91-100},
eprint                    = {https://epubs.siam.org/doi/pdf/10.1137/1.9780898718867.ch8},
doi                       = {10.1137/1.9780898718867.ch8}
}

@article{Chazal2015d,
author                    = {Chazal, Fr{\'e}d{\'e}ric and Huang, Ruqi and Sun, Jian},
title                     = {Gromov--Hausdorff Approximation of Filamentary Structures Using Reeb-Type Graphs},
journal                   = {Discrete {\&} Computational Geometry},
year                      = {2015},
month                     = {Apr},
day                       = {01},
volume                    = {53},
number                    = {3},
pages                     = {621-649},
issn                      = {1432-0444},
doi                       = {10.1007/s00454-015-9674-1},
url                       = {https://doi.org/10.1007/s00454-015-9674-1}
}

@inproceedings{Carriere2017,
title                     = {Sliced {W}asserstein Kernel for Persistence Diagrams},
author                    = {Mathieu Carri{\`e}re and Marco Cuturi and Steve Oudot},
booktitle                 = {Proceedings of the 34th International Conference on Machine Learning},
pages                     = {664--673},
year                      = {2017},
editor                    = {Precup, Doina and Teh, Yee Whye},
volume                    = {70},
series                    = {Proceedings of Machine Learning Research},
month                     = {06--11 Aug},
publisher                 = {PMLR},
pdf                       = {http://proceedings.mlr.press/v70/carriere17a/carriere17a.pdf},
url                       = {https://proceedings.mlr.press/v70/carriere17a.html}
}

@article{Carriere2018,
author                    = {Mathieu Carri{{\`e}}re and Bertrand Michel and Steve Oudot},
title                     = {Statistical Analysis and Parameter Selection for Mapper},
journal                   = {Journal of Machine Learning Research},
year                      = {2018},
volume                    = {19},
number                    = {12},
pages                     = {1-39},
url                       = {http://jmlr.org/papers/v19/17-291.html}
}

@misc{Carriere2019,
title                     = {Statistical analysis of Mapper for stochastic and multivariate filters},
author                    = {Mathieu Carri{{\`e}}re and Bertrand Michel},
year                      = {2021},
eprint                    = {1912.10742},
archiveprefix             = {arXiv},
primaryclass              = {math.AT}
}

@article{Brown2020,
author                    = {Brown, Adam and Bobrowski, Omer and Munch, Elizabeth and Wang, Bei},
title                     = {Probabilistic convergence and stability of random mapper graphs},
journal                   = {Journal of Applied and Computational Topology},
year                      = {2021},
month                     = {Mar},
day                       = {01},
volume                    = {5},
number                    = {1},
pages                     = {99-140},
issn                      = {2367-1734},
doi                       = {10.1007/s41468-020-00063-x},
url                       = {https://doi.org/10.1007/s41468-020-00063-x}
}

@inbook{Dey2016,
author                    = {Tamal K. Dey and Facundo Mémoli and Yusu Wang},
title                     = {Multiscale Mapper: Topological Summarization via Codomain Covers},
booktitle                 = {Proceedings of the 2016 Annual ACM-SIAM Symposium on Discrete Algorithms (SODA)},
chapter                   = {},
pages                     = {997-1013},
doi                       = {10.1137/1.9781611974331.ch71},
url                       = {https://epubs.siam.org/doi/abs/10.1137/1.9781611974331.ch71},
eprint                    = {https://epubs.siam.org/doi/pdf/10.1137/1.9781611974331.ch71}
}

@misc{Dey2017,
title                     = {Topological Analysis of Nerves, Reeb Spaces, Mappers, and Multiscale Mappers},
author                    = {Tamal K. Dey and Facundo Memoli and Yusu Wang},
year                      = {2017},
eprint                    = {1703.07387},
archiveprefix             = {arXiv},
primaryclass              = {cs.CG}
}

@article{Lum2013,
author                    = {Lum, P. Y. and Singh, G. and Lehman, A. and Ishkanov, T. and Vejdemo-Johansson, M. and Alagappan, M. and Carlsson, J. and Carlsson, G.},
title                     = {Extracting insights from the shape of complex data using topology},
journal                   = {Scientific Reports},
year                      = {2013},
month                     = {Feb},
day                       = {07},
volume                    = {3},
number                    = {1},
pages                     = {1236},
issn                      = {2045-2322},
doi                       = {10.1038/srep01236},
url                       = {https://doi.org/10.1038/srep01236}
}

@article{Chazal2008,
title                      = {Smooth manifold reconstruction from noisy and non-uniform approximation with guarantees},
journal                    = {Computational Geometry},
volume                     = {40},
number                     = {2},
pages                      = {156-170},
year                       = {2008},
issn                       = {0925-7721},
doi                        = {https://doi.org/10.1016/j.comgeo.2007.07.001},
url                        = {https://www.sciencedirect.com/science/article/pii/S0925772107000703},
author                     = {Frédéric Chazal and André Lieutier},
keywords                   = {Surface reconstruction, Shape approximation, Distance function, Medial axis}
}

@Article{Niyogi2008,
author                     = {Niyogi, Partha and Smale, Stephen and Weinberger, Shmuel},
title                      = {Finding the Homology of Submanifolds with High Confidence from Random Samples},
journal                    = {Discrete {\&} Computational Geometry},
year                       = {2008},
month                      = {Mar},
day                        = {01},
volume                     = {39},
number                     = {1},
pages                      = {419-441},
issn                       = {1432-0444},
doi                        = {10.1007/s00454-008-9053-2},
url                        = {https://doi.org/10.1007/s00454-008-9053-2}
}

@article{Chazal2009c,
title                     = {Normal cone approximation and offset shape isotopy},
journal                   = {Computational Geometry},
volume                    = {42},
number                    = {6},
pages                     = {566-581},
year                      = {2009},
issn                      = {0925-7721},
doi                       = {https://doi.org/10.1016/j.comgeo.2008.12.002},
url                       = {https://www.sciencedirect.com/science/article/pii/S0925772108001181},
author                    = {Frédéric Chazal and David Cohen-Steiner and André Lieutier},
keywords                  = {Normals, Approximation, Reconstruction},
}

@article{Chazal2009d,
author                    = {Chazal, Fr{\'e}d{\'e}ric and Cohen-Steiner, David and Lieutier, Andr{\'e}},
title                     = {A Sampling Theory for Compact Sets in Euclidean Space},
journal                   = {Discrete {\&} Computational Geometry},
year                      = {2009},
month                     = {Apr},
day                       = {01},
volume                    = {41},
number                    = {3},
pages                     = {461-479},
issn                      = {1432-0444},
doi                       = {10.1007/s00454-009-9144-8},
url                       = {https://doi.org/10.1007/s00454-009-9144-8}
}

@article{Chazal2009e,
journal                   = {Computer Graphics Forum},
title                     = {{Stability of Curvature Measures}},
author                    = {Chazal, F. and Cohen-Steiner, D. and Lieutier, A. and Thibert, B.},
year                      = {2009},
publisher                 = {The Eurographics Association and Blackwell Publishing Ltd},
issn                      = {1467-8659},
doi                       = {10.1111/j.1467-8659.2009.01525.x}
}

@article{Chazal2010,
author                    = {Chazal, Fr{\'e}d{\'e}ric and Cohen-Steiner, David and M{\'e}rigot, Quentin},
title                     = {Boundary Measures for Geometric Inference},
journal                   = {Foundations of Computational Mathematics},
year                      = {2010},
month                     = {Apr},
day                       = {01},
volume                    = {10},
number                    = {2},
pages                     = {221-240},
issn                      = {1615-3383},
doi                       = {10.1007/s10208-009-9056-2},
url                       = {https://doi.org/10.1007/s10208-009-9056-2}
}

@inbook{Petrunin2007,
author                    = {Anton Petrunin},
title                     = {Applied Manifold Geometry},
booktitle                 = {Applied Differential Geometry},
year                      = {2007},
publisher                 = {World Scientific},
chapter                   = {},
pages                     = {137-483},
doi                       = {10.1142/9789812770721_0003},
url                       = {https://www.worldscientific.com/doi/abs/10.1142/9789812770721_0003},
eprint                    = {https://www.worldscientific.com/doi/pdf/10.1142/9789812770721_0003}
}

@article{Federer1959,
issn                      = {00029947},
url                       = {http://www.jstor.org/stable/1993504},
author                    = {Herbert Federer},
journal                   = {Transactions of the American Mathematical Society},
number                    = {3},
pages                     = {418--491},
publisher                 = {American Mathematical Society},
title                     = {Curvature Measures},
volume                    = {93},
year                      = {1959}
}

@article{Aamari2019,
author                    = {Eddie Aamari and Jisu Kim and Frédéric Chazal and Bertrand Michel and Alessandro Rinaldo and Larry Wasserman},
title                     = {{Estimating the reach of a manifold}},
volume                    = {13},
journal                   = {Electronic Journal of Statistics},
number                    = {1},
publisher                 = {Institute of Mathematical Statistics and Bernoulli Society},
pages                     = {1359 -- 1399},
keywords                  = {Geometric inference, minimax risk, reach},
year                      = {2019},
doi                       = {10.1214/19-EJS1551},
url                       = {https://doi.org/10.1214/19-EJS1551}
}

@article{Chazal2011b,
author                    = {Chazal, Fr{\'e}d{\'e}ric and Cohen-Steiner, David and M{\'e}rigot, Quentin},
title                     = {Geometric Inference for Probability Measures},
journal                   = {Foundations of Computational Mathematics},
year                      = {2011},
month                     = {Dec},
day                       = {01},
volume                    = {11},
number                    = {6},
pages                     = {733-751},
issn                      = {1615-3383},
doi                       = {10.1007/s10208-011-9098-0},
url                       = {https://doi.org/10.1007/s10208-011-9098-0}
}

@book{Hatcher2001,
at                        = {2011-11-11T03:25:59.000+0100},
year                      = {2001},
address                   = {Cambridge},
author                    = {Hatcher, Allen},
biburl                    = {https://www.bibsonomy.org/bibtex/2a001f8991d1935a94831c18d9e85756d/mwpb479},
groups                    = {public},
interhash                 = {bf666f5059c799f3b1a723fd79c616d6},
intrahash                 = {a001f8991d1935a94831c18d9e85756d},
isbn                      = {0-521-79160-X; 0-521-79540-0},
keywords                  = {},
mrclass                   = {55-01 (55-00)},
mrnumber                  = {1867354 (2002k:55001)},
mrreviewer                = {Donald W. Kahn},
pages                     = {xii+544},
publisher                 = {Cambridge University Press},
timestamp                 = {2011-11-11T03:25:59.000+0100},
title                     = {Algebraic topology},
username                  = {mwpb479}
}

@article{Ghrist2017,
title                     = {Homological algebra and data},
author                    = {Robert Ghrist},
journal                   = {IAS/Park City Mathematics Series},
year                      = {2018}
}

@inproceedings{Chazaloudot2008,
author                    = {Chazal, Fr\'{e}d\'{e}ric and Oudot, Steve Yann},
title                     = {Towards Persistence-Based Reconstruction in Euclidean Spaces},
year                      = {2008},
isbn                      = {9781605580715},
publisher                 = {Association for Computing Machinery},
address                   = {New York, NY, USA},
url                       = {https://doi.org/10.1145/1377676.1377719},
doi                       = {10.1145/1377676.1377719},
booktitle                 = {Proceedings of the Twenty-Fourth Annual Symposium on Computational Geometry},
pages                     = {232-241},
numpages                  = {10},
keywords                  = {witness complex, filtration, cech complex, manifold reconstruction, persistent homology, rips complex},
location                  = {College Park, MD, USA},
series                    = {SCG '08}
}

@article{DevroyeWise1980,
author                    = {Devroye, Luc and Wise, Gary L.},
title                     = {Detection of Abnormal Behavior Via Nonparametric Estimation of the Support},
journal                   = {SIAM Journal on Applied Mathematics},
volume                    = {38},
number                    = {3},
pages                     = {480-488},
year                      = {1980},
doi                       = {10.1137/0138038},
url                       = {://doi.org/10.1137/0138038}
}

@article{CuevasRodriguezCasal2004,
title                     = {On boundary estimation},
volume                    = {36},
doi                       = {10.1239/aap/1086957575},
number                    = {2},
journal                   = {Advances in Applied Probability},
publisher                 = {Cambridge University Press},
author                    = {Cuevas, Antonio and Rodríguez-Casal, Alberto},
year                      = {2004},
pages                     = {340-354}
}

@article{Genovese2012,
author                    = {Christopher R. Genovese and Marco Perone-Pacifico and Isabella Verdinelli and Larry Wasserman},
title                     = {{Manifold estimation and singular deconvolution under Hausdorff loss}},
volume                    = {40},
journal                   = {The Annals of Statistics},
number                    = {2},
publisher                 = {Institute of Mathematical Statistics},
pages                     = {941 -- 963},
keywords                  = {Deconvolution, manifold learning, minimax},
year                      = {2012},
doi                       = {10.1214/12-AOS994},
url                       = {https://doi.org/10.1214/12-AOS994}
}

@article{Cadre2006,
title                     = {Kernel estimation of density level sets},
journal                   = {Journal of Multivariate Analysis},
volume                    = {97},
number                    = {4},
pages                     = {999-1023},
year                      = {2006},
issn                      = {0047-259X},
doi                       = {https://doi.org/10.1016/j.jmva.2005.05.004},
url                       = {https://www.sciencedirect.com/science/article/pii/S0047259X05000825},
author                    = {Benoıˆt Cadre},
keywords                  = {Kernel estimate, Density level sets, Hausdorff measure}
}

@article{Polonik1995,
author                    = {Wolfgang Polonik},
title                     = {{Measuring Mass Concentrations and Estimating Density Contour Clusters-An Excess Mass Approach}},
volume                    = {23},
journal                   = {The Annals of Statistics},
number                    = {3},
publisher                 = {Institute of Mathematical Statistics},
pages                     = {855 -- 881},
keywords                  = {Convex hull, density contour cluster, Empirical process theory, excess mass, level set estimation, multimodality, support estimation},
year                      = {1995},
doi                       = {10.1214/aos/1176324626},
url                       = {https://doi.org/10.1214/aos/1176324626}
}

@article{Tsybakov1997,
author                    = {A. B. Tsybakov},
title                     = {{On nonparametric estimation of density level sets}},
volume                    = {25},
journal                   = {The Annals of Statistics},
number                    = {3},
publisher                 = {Institute of Mathematical Statistics},
pages                     = {948 -- 969},
keywords                  = {Density level set, excess mass, Optimal rate of convergence, piecewise-polynomial estimator, shape function},
year                      = {1997},
doi                       = {10.1214/aos/1069362732},
url                       = {https://doi.org/10.1214/aos/1069362732}
}

@article{Chen2017,
author                    = {Yen-Chi Chen and Christopher R. Genovese and Larry Wasserman},
title                     = {Density Level Sets: Asymptotics, Inference, and Visualization},
journal                   = {Journal of the American Statistical Association},
volume                    = {112},
number                    = {520},
pages                     = {1684-1696},
year                      = {2017},
publisher                 = {Taylor & Francis},
doi                       = {10.1080/01621459.2016.1228536},
url                       = {https://doi.org/10.1080/01621459.2016.1228536},
eprint                    = {https://doi.org/10.1080/01621459.2016.1228536}
}

@article{Niyogi2011,
author                    = {Niyogi, P. and Smale, S. and Weinberger, S.},
title                     = {A Topological View of Unsupervised Learning from Noisy Data},
journal                   = {SIAM Journal on Computing},
volume                    = {40},
number                    = {3},
pages                     = {646-663},
year                      = {2011},
doi                       = {10.1137/090762932},
url                       = {https://doi.org/10.1137/090762932},
eprint                    = {https://doi.org/10.1137/090762932}
}

@inproceedings{Balakrishnan2012,
title                     = {Minimax rates for homology inference},
author                    = {Balakrishnan, Sivaraman and Rinaldo, Alesandro and Sheehy, Don and Singh, Aarti and Wasserman, Larry},
booktitle                 = {Proceedings of the Fifteenth International Conference on Artificial Intelligence and Statistics},
pages                     = {64--72},
year                      = {2012},
editor                    = {Lawrence, Neil D. and Girolami, Mark},
volume                    = {22},
series                    = {Proceedings of Machine Learning Research},
address                   = {La Palma, Canary Islands},
month                     = {21--23 Apr},
publisher                 = {PMLR},
pdf                       = {http://proceedings.mlr.press/v22/balakrishnan12a/balakrishnan12a.pdf},
url                       = {https://proceedings.mlr.press/v22/balakrishnan12a.html}
}

@article{Bobrowski2014,
doi                       = {10.3150/15-bej744},
url                       = {https://doi.org/10.3150\%2F15-bej744},
month                     = {feb},
publisher                 = {Bernoulli Society for Mathematical Statistics and Probability},
volume                    = {23},
number                    = {1},
author                    = {Omer Bobrowski and Sayan Mukherjee and Jonathan E. Taylor},
title                     = {Topological consistency via kernel estimation},
journal                   = {Bernoulli}
}

@article{Villiani2003,
author                    = {BURTON, GEOFFREY},
year                      = {2004},
month                     = {03},
pages                     = {285 - 286},
title                     = {TOPICS IN OPTIMAL TRANSPORTATION (Graduate Studies in Mathematics 58) By CDRIC VILLANI: 370 pp., US\$59.00, ISBN 0-8218-3312-X (American Mathematical Society, Providence, RI, 2003).},
volume                    = {36},
journal                   = {Bulletin of the London Mathematical Society},
doi                       = {10.1112/S0024609303233014}
}

@article{Chazal2016b,
author                    = {Fr{\'e}d{\'e}ric Chazal and Pascal Massart and Bertrand Michel},
title                     = {{Rates of convergence for robust geometric inference}},
volume                    = {10},
journal                   = {Electronic Journal of Statistics},
number                    = {2},
publisher                 = {Institute of Mathematical Statistics and Bernoulli Society},
pages                     = {2243-2286},
keywords                  = {distance to measure, Geometric inference, rates of convergence},
year                      = {2016},
doi                       = {10.1214/16-EJS1161},
url                       = {https://doi.org/10.1214/16-EJS1161}
}

@inproceedings{Buchet2015a,
author                    = {M. Buchet and F. Chazal and T. K. Dey and F. Fan and S. Y. Oudot and Y. Wang},
title                     = {Topological analysis of scalar fields with outliers},
booktitle                 = {Proc. Sympos. on Computational Geometry},
year                      = {2015}
}

@inproceedings{Chazal2011a,
author                    = {Chazal, Frederic and Chen, Daniel and Guibas, Leonidas and Jiang, Xiaoye and Sommer, Christian},
title                     = {Data-Driven Trajectory Smoothing},
year                      = {2011},
isbn                      = {9781450310314},
publisher                 = {Association for Computing Machinery},
address                   = {New York, NY, USA},
url                       = {https://doi.org/10.1145/2093973.2094007},
doi                       = {10.1145/2093973.2094007},
booktitle                 = {Proceedings of the 19th ACM SIGSPATIAL International Conference on Advances in Geographic Information Systems},
pages                     = {251-260},
numpages                  = {10},
keywords                  = {trajectories, smoothing, data-driven techniques},
location                  = {Chicago, Illinois},
series                    = {GIS '11}
}

@article{Biau2011,
author                    = {G{\'e}rard Biau and Fr{\'e}d{\'e}ric Chazal and David Cohen-Steiner and Luc Devroye and Carlos Rodr{\'i}guez},
title                     = {{A weighted k-nearest neighbor density estimate for geometric inference}},
volume                    = {5},
journal                   = {Electronic Journal of Statistics},
number                    = {none},
publisher                 = {Institute of Mathematical Statistics and Bernoulli Society},
pages                     = {204 -- 237},
keywords                  = {central limit theorem, consistency, Density estimation, Geometric inference, k-nearest neighbor estimate, Level sets, rates of convergence, strong approximation, weighted estimate},
year                      = {2011},
doi                       = {10.1214/11-EJS606},
url                       = {https://doi.org/10.1214/11-EJS606}
}

@article{Brecheteau2019,
author                    = {Claire Br{\'e}cheteau},
title                     = {{A statistical test of isomorphism between metric-measure spaces using the distance-to-a-measure signature}},
volume                    = {13},
journal                   = {Electronic Journal of Statistics},
number                    = {1},
publisher                 = {Institute of Mathematical Statistics and Bernoulli Society},
pages                     = {795-849},
keywords                  = {(Gromov)-Wasserstein distances, distance to a measure, metric-measure spaces, statistical test, subsampling},
year                      = {2019},
doi                       = {10.1214/19-EJS1539},
url                       = {https://doi.org/10.1214/19-EJS1539}
}

@article{Chazal2013b,
author                    = {Chazal, Fr\'{e}d\'{e}ric and Guibas, Leonidas J. and Oudot, Steve Y. and Skraba, Primoz},
title                     = {Persistence-Based Clustering in Riemannian Manifolds},
year                      = {2013},
issue_date                = {November 2013},
publisher                 = {Association for Computing Machinery},
address                   = {New York, NY, USA},
volume                    = {60},
number                    = {6},
issn                      = {0004-5411},
url                       = {https://doi.org/10.1145/2535927},
doi                       = {10.1145/2535927},
journal                   = {J. ACM},
month                     = {nov},
articleno                 = {41}
}

@article{Guibas2013,
author                    = {Guibas, Leonidas and Morozov, Dmitriy and M{\'e}rigot, Quentin},
title                     = {Witnessed k-Distance},
journal                   = {Discrete {\&} Computational Geometry},
year                      = {2013},
month                     = {Jan},
day                       = {01},
volume                    = {49},
number                    = {1},
pages                     = {22-45},
issn                      = {1432-0444},
doi                       = {10.1007/s00454-012-9465-x},
url                       = {https://doi.org/10.1007/s00454-012-9465-x}
}

@misc{Phillips2014,
doi                       = {10.48550/ARXIV.1307.7760},
url                       = {https://arxiv.org/abs/1307.7760},
author                    = {Phillips, Jeff M. and Wang, Bei and Zheng, Yan},
keywords                  = {Computational Geometry (cs.CG), FOS: Computer and information sciences, FOS: Computer and information sciences},
title                     = {Geometric Inference on Kernel Density Estimates},
publisher                 = {arXiv},
year                      = {2013},
copyright                 = {arXiv.org perpetual, non-exclusive license}
}

@inbook{Buchet2015b,
author                    = {Mickaël Buchet and Frédéric Chazal and Steve Y. Oudot and Donald R. Sheehy},
title                     = {Efficient and Robust Persistent Homology for Measures},
booktitle                 = {Proceedings of the 2015 Annual ACM-SIAM Symposium on Discrete Algorithms (SODA)},
chapter                   = {},
pages                     = {168-180},
doi                       = {10.1137/1.9781611973730.13},
url                       = {https://epubs.siam.org/doi/abs/10.1137/1.9781611973730.13},
eprint                    = {https://epubs.siam.org/doi/pdf/10.1137/1.9781611973730.13}
}

@article{Brecheteau2020,
author                    = {Claire Br{\'e}cheteau and Cl{\'e}ment Levrard},
title                     = {{A $k$-points-based distance for robust geometric inference}},
volume                    = {26},
journal                   = {Bernoulli},
number                    = {4},
publisher                 = {Bernoulli Society for Mathematical Statistics and Probability},
pages                     = {3017 -- 3050},
keywords                  = {Minimax rates, quantization, robust distance estimation, topological inference},
year                      = {2020},
doi                       = {10.3150/20-BEJ1214}
}

@article{Barannikov1994,
author                    = {Claire Br{\'e}cheteau and Cl{\'e}ment Levrard},
title                     = {{A $k$-points-based distance for robust geometric inference}},
volume                    = {26},
journal                   = {Bernoulli},
number                    = {4},
publisher                 = {Bernoulli Society for Mathematical Statistics and Probability},
pages                     = {3017 -- 3050},
keywords                  = {Minimax rates, quantization, robust distance estimation, topological inference},
year                      = {2020},
doi                       = {10.3150/20-BEJ1214}
}

@inproceedings{Frosini1992,
author                    = {Patrizio Frosini},
title                     = {{Measuring shapes by size functions}},
volume                    = {1607},
booktitle                 = {Intelligent Robots and Computer Vision X: Algorithms and Techniques},
editor                    = {David P. Casasent},
organization              = {International Society for Optics and Photonics},
publisher                 = {SPIE},
pages                     = {122 -- 133},
year                      = {1992},
doi                       = {10.1117/12.57059}
}

@article{Robins1999,
author                    = {V. Robins},
title                     = {Towards Computing Hology from Finite Approximations},
journal                   = {Topology Proceedings},
volume                    = {24},
pages                     = {503-532},
year                      = {1999}
}

@inproceedings{DeSilva2004,
booktitle                 = {SPBG'04 Symposium on Point - Based Graphics 2004},
editor                    = {Markus Gross and Hanspeter Pfister and Marc Alexa and Szymon Rusinkiewicz},
title                     = {{Topological estimation using witness complexes}},
author                    = {Silva, Vin de and Carlsson, Gunnar},
year                      = {2004},
publisher                 = {The Eurographics Association},
issn                      = {1811-7813},
isbn                      = {3-905673-09-6},
doi                       = {10.2312/SPBG/SPBG04/157-166}
}

@inproceedings{Anai2019,
author                    = {Anai, Hirokazu  and Chazal, Fr{\'e}d{\'e}ric  and Glisse, Marc  and Ike, Yuichi  and Inakoshi, Hiroya  and Tinarrage, Rapha{\"e}l  and Umeda, Yuhei},
editor                    = {Baas, Nils A.  and Carlsson, Gunnar E.  and Quick, Gereon  and Szymik, Markus  and Thaule, Marius},
title                     = {DTM-Based Filtrations},
booktitle                 = {Topological Data Analysis},
year                      = {2020},
publisher                 = {Springer International Publishing},
address                   = {Cham},
pages                     = {33--66},
isbn                      = {978-3-030-43408-3}
}




@comment{jabref-meta: selector_keywords:}

@comment{jabref-meta: selector_journal:}

@comment{jabref-meta: selector_publisher:}

@comment{jabref-meta: selector_author:}

